<record><leader>00000cas a2200000 a 4500</leader><controlfield tag="001">30487263</controlfield><controlfield tag="007">hd afu---baaa</controlfield><controlfield tag="008">940524d18uu1948nbuwr n a     0    0eng c</controlfield><datafield ind1=" " ind2=" " tag="010"><subfield code="a">sn 94055237 </subfield></datafield><datafield ind1=" " ind2=" " tag="040"><subfield code="a">NVG</subfield><subfield code="b">eng</subfield><subfield code="c">NVG</subfield><subfield code="d">MHN</subfield><subfield code="d">OCL</subfield><subfield code="d">OCLCQ</subfield><subfield code="d">OCLCF</subfield><subfield code="d">OCLCO</subfield></datafield><datafield ind1="1" ind2=" " tag="029"><subfield code="a">AU@</subfield><subfield code="b">000012145566</subfield></datafield><datafield ind1=" " ind2=" " tag="042"><subfield code="a">pcc</subfield></datafield><datafield ind1=" " ind2=" " tag="043"><subfield code="a">n-us-nb</subfield></datafield><datafield ind1="0" ind2="0" tag="245"><subfield code="a">Albion weekly news</subfield><subfield code="h">[microform].</subfield></datafield><datafield ind1=" " ind2=" " tag="260"><subfield code="a">Albion, Neb. :</subfield><subfield code="b">A.W. Ladd,</subfield><subfield code="c">-1948.</subfield></datafield><datafield ind1=" " ind2=" " tag="300"><subfield code="a">v.</subfield></datafield><datafield ind1=" " ind2=" " tag="310"><subfield code="a">Weekly</subfield></datafield><datafield ind1="0" ind2=" " tag="362"><subfield code="a">-v.69, no. 53 (Oct. 14, 1948).</subfield></datafield><datafield ind1=" " ind2=" " tag="515"><subfield code="a">Vol. numbering irregular for Sept. 22, 1921-Jan. 1, 1925 issues.</subfield></datafield><datafield ind1=" " ind2=" " tag="515"><subfield code="a">Issue for Aug. 21, 1924 incorrectly dated Aug. 28, 1924.</subfield></datafield><datafield ind1=" " ind2=" " tag="525"><subfield code="a">Special historical issue published Oct. 26, 1939.</subfield></datafield><datafield ind1=" " ind2=" " tag="580"><subfield code="a">Absorbed: Petersburg index (Petersburg, Neb), Jan. 28, 1943, Cedar Rapids leader-outlook, Apr. 1, 1943, and: Albion argus, Apr. 1, 1948.</subfield></datafield><datafield ind1=" " ind2=" " tag="588"><subfield code="a">Description based on: No. 691 (May 20, 1892).</subfield></datafield><datafield ind1=" " ind2=" " tag="533"><subfield code="a">Microfilm.</subfield><subfield code="b">Wooster, Ohio :</subfield><subfield code="c">Bell &amp; Howell.</subfield><subfield code="e">40 microfilm reels ; 35 mm.</subfield></datafield><datafield ind1=" " ind2="0" tag="651"><subfield code="a">Boone County (Neb.) Newspapers.</subfield></datafield><datafield ind1=" " ind2="0" tag="651"><subfield code="a">Albion (Neb.)</subfield><subfield code="v">Newspapers.</subfield></datafield><datafield ind1=" " ind2="7" tag="655"><subfield code="a">Newspapers.</subfield><subfield code="2">fast</subfield><subfield code="0">(OCoLC)fst01423814</subfield></datafield><datafield ind1=" " ind2="7" tag="651"><subfield code="a">Nebraska</subfield><subfield code="z">Albion.</subfield><subfield code="2">fast</subfield><subfield code="0">(OCoLC)fst01221309</subfield></datafield><datafield ind1=" " ind2="7" tag="651"><subfield code="a">Nebraska</subfield><subfield code="z">Boone County.</subfield><subfield code="2">fast</subfield><subfield code="0">(OCoLC)fst01224242</subfield></datafield><datafield ind1=" " ind2=" " tag="752"><subfield code="a">United States</subfield><subfield code="b">Nebraska</subfield><subfield code="c">Boone</subfield><subfield code="d">Albion.</subfield></datafield><datafield ind1="0" ind2=" " tag="775"><subfield code="t">Albion daily news (Albion, Neb.)</subfield><subfield code="w">(DLC)sn 94055316</subfield></datafield><datafield ind1="0" ind2="0" tag="780"><subfield code="t">Albion semi-weekly news</subfield><subfield code="w">(DLC)sn 94055306</subfield></datafield><datafield ind1="1" ind2="5" tag="780"><subfield code="t">Petersburg index (Petersburg, Neb.)</subfield><subfield code="w">(DLC)sn 94055282</subfield></datafield><datafield ind1="1" ind2="5" tag="780"><subfield code="t">Cedar Rapids leader-outlook</subfield><subfield code="w">(DLC)sn 94055312</subfield></datafield><datafield ind1="1" ind2="5" tag="780"><subfield code="t">Albion argus</subfield><subfield code="w">(DLC)sn 94055277</subfield></datafield><datafield ind1="0" ind2="0" tag="785"><subfield code="t">Albion news (Albion, Neb.)</subfield><subfield code="w">(DLC)sn 94055247</subfield></datafield></record>